<?xml version="1.0" encoding="UTF-8"?><collection xmlns="http://www.loc.gov/MARC21/slim"><record><leader>00530nam--2200145-i-4500</leader><controlfield tag="001">000030242</controlfield><controlfield tag="002">20161230</controlfield><controlfield tag="005">20161230201038</controlfield><controlfield tag="008">060222s1000------------r-----000-0-eng-d</controlfield><datafield ind1=" " ind2=" " tag="080"><subfield code="a">621.313</subfield></datafield><datafield ind1=" " ind2=" " tag="100"><subfield code="a">Lungu, M</subfield></datafield><datafield ind1=" " ind2=" " tag="245"><subfield code="a">Alimentarea motorului asincron cu rotorul in scurtcircuit prin convertizoor de frecventa autonom cu circuit intermediar de c.c</subfield></datafield><datafield ind1=" " ind2=" " tag="260"><subfield code="a">Bucuresti, Cons.National Al Inginerilor Si Tehnicienilor, 1969, 11p</subfield></datafield><datafield ind1=" " ind2=" " tag="490"><subfield code="a">A Doua Conferinta A Electricienilor. Vi.Sectia Actionari Electrice</subfield></datafield><datafield ind1=" " ind2=" " tag="852"><subfield code="a">31653</subfield></datafield></record></collection>